2672 4900
116 942 1026 1113 fr'rrrnonmvnfi*
1139 969 1141 977 Ψ

47 1313 327 1428 Bienniofere
358 1352 512 1430 exsero,
550 1363 596 1411 ex
622 1363 716 1442 quo,
755 1319 933 1412 nundinis
958 1333 1105 1417 scilicet

50 1463 258 1542 vernalibus
280 1457 388 1535 ¹unni
430 1463 535 1535 1822.
574 1457 767 1534 sumtibus
793 1448 1106 1554 112212τί2111έί-
1172 1457 1175 1482 ’

48 1591 174 1666 scheri
215 1590 283 1663 viri
326 1585 578 1662 honestissimi
615 1587 762 1683 Lipsiae
807 1584 977 1688 e'prelo
1018 1585 1108 1660 ¹exiit

50 1734 177 1790 nostra
202 1712 320 1801 editio
346 1709 620 1788 Sententiarum
644 1709 769 1792 Publii
793 1709 876 1805 Syri
899 1727 939 1786 et
959 1689 1109 1786 Laberii
1143 1799 1145 1806 s
1198 1771 1208 1778 .

53 1865 140 1952 cum
165 1835 246 1914 aliis
270 1837 439 1911 veterum
462 1857 584 1934 aeque
605 1831 650 1908 so
670 1836 928 1933 recentiorum
950 1835 1109 1910 Guomi
1208 1931 1211 1938 ‚

51 1947 184 2038 corum
207 1959 431 2067 Opusculis,
475 1981 567 2032 ecce
593 1959 634 2032 in
657 1957 787 2034 lucem
809 1955 938 2070 prodit
961 1961 1108 2056 Tomos

56 2091 134 2162 vm
177 2087 383 2164 Poetarum
422 2083 670 2160 Scenioorum
714 2081 903 2160 editorum
940 2089 969 2158 i
976 2060 1109 2160 Fred.

52 2213 169 2287 Henr.
190 2209 400 2302 Bothio,
389 2233 430 2281 ιιι
463 2207 567 2305 cujus
592 2209 702 2282 Parte
724 2209 938 2310 posteriore
958 2210 1018 2307 vvir
1040 2207 1110 2308 do·
1203 2227 1206 2234 ’

54 2339 238 2412 ctissimus
272 2345 312 2412 'et
344 2327 399 2407 rei
427 2331 607 2413 metricae
630 2333 875 2434 peritissimus
904 2329 1012 2413 dedit
1040 2357 1114 2409 no-·

55 2481 136 2532 vam
159 2455 272 2560 plone
291 2455 426 2532 harum
450 2459 722 2552 sententiarum
748 2459 1027 2557 recensionem,
1056 2459 1109 2534 dn

58 2605 144 2682 qua,
159 2584 399 2684 paucissimas
417 2585 578 2656 intactas
593 2581 821 2684 relinquens,
842 2582 969 2686 plures
986 2607 1112 2660 emen·

57 2703 157 2780 davit
178 2711 337 2808 egregie,
359 2703 446 2799 alies
471 2703 609 2802 autem,
636 2725 678 2780 ut
699 2707 809 2782 nobis
832 2707 988 2811 quidem
1011 2699 1110 2785 vide·
1186 2749 1190 2756 ,

58 2827 182 2921 batur,
226 2835 383 2905 mutavit
415 2805 611 2924 audacius,
652 2835 763 2905 nimis
795 2830 915 2928 rigide
943 2826 1114 2948 singdlos

60 2969 183 3030 versus
214 2953 265 3027 ed
285 2947 597 3058 perfectissimam
621 2958 799 3032 metricae
820 2959 1022 3032 venustatis
1051 2980 1111 3032 re

60 3078 182 3176 gulam
207 3082 369 3182 exigens.
428 3079 522 3172 Sed,
558 3105 656 3180 quae
678 3083 879 3182 praecipua
900 3077 1011 3176 h'ujus
1033 3076 1111 3157 edi·
1189 3069 1210 3182 ,-

61 3203 168 3320 tionis
193 3201 263 3278 dos
291 3226 365 3296 est,
390 3209 561 3281 continet
580 3200 645 3278 illa
664 3205 866 3282 sententias
885 3225 1006 3278 novas
1017 3203 1118 3317 526.

64 3326 107 3402 ab
138 3328 274 3403 eodem
305 3333 383 3424 tiro
416 3330 630 3404 doctissimo
660 3315 860 3434 collectas,
900 3327 1110 3432 plerasque,

64 3453 164 3552 quod
194 3453 338 3528 nollem
374 3453 530 3547 factum,
576 3477 621 3526 ex
661 3456 798 3563 ignotis
829 3477 904 3528 nec
937 3451 1111 3540 indicatis

65 3571 227 3651 fontibus
251 3575 434 3675 (fortassis
450 3605 471 3654 e
488 3577 632 3656 Codice
646 3577 778 3680 aliquo
793 3574 916 3654 Publii
930 3577 1111 3680 pleniore,
1181 3605 1184 3610 ’

67 3695 213 3802 qualem
237 3703 451 3778 Veronae
439 3728 480 3810 in
504 3702 609 3776 Italia
635 3719 779 3779 exstare
803 3720 958 3778 testatur
984 3701 1113 3801 Scipio

66 3827 217 3902 Msffeus
245 3829 285 3902 in
305 3825 360 3900 lit.
382 3830 640 3904 Osservazioni
653 3827 842 3922 letterarie
864 3817 952 3900 Τ.·Ῑ.
980 3843 1019 3928 p.
1035 3824 1113 3918 50'.)

16 3947 19 3960 ⁹
68 3949 151 4028 alias
189 3969 317 4028 autem
353 3951 502 4026 haustas
535 3977 581 4028 ex
616 3949 798 4062 loschimi
831 3948 1037 4031 camerarii
1073 3969 1111 4049 et

65 4077 135 4202 iani
162 4080 292 4171 Anysii
318 4077 461 4152 anobis
487 4076 597 4155 editis
622 4080 890 4154 sententiarum
916 4074 1112 4166 collectio·
