2676 4894
304 269 822 380 innrnurinu‘
1018 233 1097 364 {ff

10 483 107 548 90
129 461 271 529 Beneficii
292 464 357 524 cito
376 473 541 554 senescunt
559 465 684 547 gratiae.

133 547 226 634 Tanti
241 573 373 632 aestima
394 582 440 648 te,
470 581 600 652 quantus
623 592 670 647 es,
691 571 753 632 nisi
773 535 895 656 ‹lesipiu

129 679 179 744 Nil
197 675 423 772 poenitentium
444 669 555 740 feceris
587 675 726 742 consulto
750 699 851 761 agens.

126 787 282 848 Letbalius
304 788 404 857 multo
425 795 471 844 est
488 785 622 862 mulum,
639 785 724 868 quod
743 785 859 852 delitet.

10 899 12 936 ¹
129 893 249 954 licetur
268 896 462 976 voluptatem
481 909 580 972 usque
601 901 735 952 sectatur
754 910 865 955 comes.

10 965 12 1032 l
63 999 106 1080 95
127 993 210 1074 Quid
231 1001 371 1084 equinis,
394 1019 486 1080 quam
506 999 588 1060 verti
607 1000 643 1058 in
665 997 741 1060 bora
761 1001 891 1081 saepius.

125 1107 241 1170 laetum
260 1103 351 1166 nulla
370 1108 494 1186 gravior
514 1115 575 1183 est,
599 1127 689 1185 quam
711 1109 870 1189 temporis.

126 1215 215 1276 Nihil
237 1231 331 1294 supra
350 1213 434 1274 vires
455 1213 563 1274 statuit
580 1211 701 1274 homini
723 1213 807 1274 deus.
900 1239 904 1248 ·

127 1322 235 1383 Plures
255 1321 393 1395 timebit,
412 1321 467 1400 qui
483 1327 529 1382 est
549 1318 655 1380 timori
676 1321 827 1402 pluribus.

125 1427 235 1490 Dulcis
251 1429 340 1490 labor
360 1425 395 1487 fit
415 1429 547 1510 praemii
569 1437 670 1488 certus
691 1430 747 1488 sui.

53 1557 107 1598 100
129 1537 221 1608 Quod
240 1535 361 1595 vivitur
371 1531 447 1594 'vita
469 1543 530 1610 est,
550 1537 647 1614 probe
667 1533 693 1594 si
719 1527 846 1596 vivitur.
866 1578 872 1592 .

128 1643 277 1705 Consulto
299 1641 433 1722 amicum
457 1649 510 1700 aut
531 1642 687 1720 quaerito,
710 1651 763 1701 aut
783 1642 963 1724 relinquito}

126 1751 234 1826 Felix,
255 1750 359 1808 alieno
380 1747 521 1836 periculo
544 1748 681 1826 quisquis
701 1750 788 1830 sapit

128 1857 214 1921 Leve
238 1866 285 1916 est
310 1855 383 1914 dare
404 1853 587 1928 consilium,
608 1853 738 1912 arduum
758 1875 790 1914 se
811 1875 948 1921 noscere.
1021 1851 1041 1925 ,’

126 1965 248 2046 Exigua
268 1981 318 2024 res
340 1959 376 2020 fit
396 1955 533 2022 mn'xima
555 1959 626 2020 data
647 1944 796 2040 tempore.

55 2075 106 2137 105
128 2073 456 2151 inconsequentem,
479 2067 532 2146 qui
557 2068 755 2126 antecesserit
777 2067 852 2128 dies.

126 2181 252 2244 Frustra
274 2185 479 2260 expetuntur,
500 2193 579 2254 quae
599 2173 761 2256 impetrari
784 2194 849 2234 uon
872 2181 995 2255 queunt.
1078 2177 1081 2182 '
1140 2194 1142 2201 ·

126 2289 276 2351 Delibera
292 2286 395 2360 tarde,
414 2301 525 2364 perage
546 2299 637 2360 quam
659 2281 811 2342 ocissime.

127 2395 255 2458 Enitere
275 2414 340 2455 esse
361 2391 510 2472 opinione
528 2388 699 2467 probatior.

127 2503 235 2566 Animi
256 2503 339 2563 bona
357 2501 392 2559 in
415 2504 576 2556 numerato
598 2485 676 2553 habe
697 2484 812 2590 magii,
833 2512 923 2574 qnam
946 2514 1028 2580 opes.

59 2631 110 2674 uo
128 2611 184 2674 Nil
199 2609 340 2670 abditum
363 2607 418 2666 diu
433 2613 502 2678 est,
525 2601 708 2662 malefacere
728 2601 855 2662 abstine.
879 2615 884 2624 ·
928 2589 933 2596 ’

130 2719 205 2781 Dies
227 2717 292 2777 diei
315 2717 428 2791 index,
448 2727 608 2790 supremus
631 2709 780 2768 omnium.

132 2825 251 2908 Opinio
270 2821 405 2900 imperat
423 2815 546 2876 homini
567 2814 700 2894 imperio
719 2811 820 2897 *gravi

131 2932 225 3012 Cupis
245 2931 352 2990 beatus
373 2924 460 2985 esse?
486 2925 618 3000 sustine,
644 2921 772 2982 abstine.
805 2915 808 2926 “
871 2914 875 2923 “
937 2906 943 2914 ’

131 3030 250 3102 Aurum
267 3036 349 3116 ignis
370 3025 547 3108 examinat}
570 3031 704 3091 amicum
728 3038 877 3108 tempora.
895 3036 896 3044 ’
950 3049 952 3054 ’

58 3149 112 3214 115
130 3141 297 3228 Nunquam
317 3141 383 3204 dati
403 3140 598 3216 memineris,
620 3137 738 3218 accepti
761 3154 792 3194 es
812 3139 944 3196 mentun¹
1008 3147 1032 3184 's

133 3255 230 3318 Omni
252 3250 360 3332 aspide
382 3247 524 3329 improba
546 3245 660 3307 mulier
682 3241 788 3304 lethei
779 3257 836 3300 ror
920 3235 925 3254 “’
1009 3251 1013 3262 ·
1094 3245 1099 3254 “

131 3363 191 3424 Par
212 3369 259 3422 est
276 3360 398 3418 lucrum
420 3347 533 3414 damno
556 3349 707 3434 improbis
728 3356 852 3428 partum
870 3342 979 3408 modis.

133 3469 267 3530 Senex'
257 3487 350 3548 inops
371 3462 580 3546 spectaculum
602 3463 647 3519 est
667 3455 888 3516 tristissimum
952 3464 970 3496 ³

134 3577 243 3647 Amico
266 3576 383 3634 amicus
405 3571 440 3630 in
461 3560 603 3628 omnibus'
625 3565 707 3624 buna
728 3563 848 3644 cogitat.
1010 3551 1013 3558 ’

17 3689 19 3700 ’
39 3677 42 3682 1
60 3702 115 3750 tuo
134 3683 260 3752 Sebreta
282 3681 378 3743 amici·
398 3675 496 3737 conde
517 3673 652 3734 thesauri
673 3671 752 3729 loco.

135 3777 252 3854 Audire
274 3789 416 3849 dicerene
438 3783 519 3842 inale
540 3781 576 3838 in
597 3795 771 3858 quenquam
797 3769 927 3838 abstine.
1002 3763 1008 3770 ’

136 3895 372 3966 Rebus,rnod11s
396 3898 562 3951 concentus
584 3895 630 3970 est
651 3882 856 3972 suavissimus.
924 3945 925 3948 Ἴ
1005 3865 1008 3877 ’

112 4006 264 4094 Ingenui
287 3999 392 4061 animi
407 4005 437 4057 et
448 3995 528 4055 celsi
553 4001 598 4054 est
617 3991 724 4052 fovere
745 3988 972 4049 miserrimos..
1021 4035 1023 4042 ,
1055 3996 1057 4005 “
1090 3998 1095 4012 ·

136 4113 175 4176 Et
193 4114 290 4175 verba
309 4119 341 4168 et
362 4126 456 4187 opera
476 4103 569 4164 foeda
591 4109 663 4157 sunt
683 4097 870 4168 venalia.

64 4221 280 4288 subnotentur
300 4227 345 4278 est
365 4215 445 4294 iugis
465 4209 550 4270 domi
571 4225 653 4265 uxor
671 4201 828 4281 improba
888 4210 917 4226 “·

46 4314 48 4320 ⁵
138 4327 281 4392 Felicitas
300 4343 421 4387 summa
440 4333 521 4382 uxor
542 4323 589 4376 est
608 4313 690 4394 frugi
709 4309 789 4377 viru.
945 4327 983 4379 4

1122 3321 1197 3408 ss
