2656 4890
192 794 1022 1128 ιιιιιιιιίιο.»
1095 796 1137 933 ἷ’

33 1175 145 1364 {Cum
170 1259 264 1310 anno
308 1232 463 1312 ι8ι8.’
452 1262 493 1310 m
527 1233 725 1334 opusculis
754 1238 980 1346 Graecorum
1001 1259 1104 1318 rete·

34 1391 122 1438 rum
146 1364 382 1458 sententiosis
415 1363 631 1462 colligendis
660 1362 878 1454 credendis
904 1387 1104 1466 occupetus

69 1517 170 1582 essem,
210 1491 289 1564 iam
323 1514 403 1572 tum
426 1493 620 1570 consilium
652 1498 735 1590 cepi
770 1496 896 1572 similis
925 1495 1104 1594 parendus

33 1641 36 1724 ι
70 1619 262 1692 collectionis
291 1621 567 1698 Sententiarum
600 1607 832 1716 Latinarum,
872 1651 965 1721 quse
1004 1649 1113 1718 cums
1206 1693 1212 1706 f

33 1729 37 1844 i
71 1749 112 1847 qui
129 1745 279 1829 aetutem
291 1717 478 1841 tulerunt,
509 1751 711 1848 antiquos
699 1753 827 1826 Poetes
854 1751 1056 1829 Ethicos
1028 1777 1105 1840 uve
1207 1813 1225 1839 .,

33 1876 34 1930 i
71 1874 313 1974 Paraeneticos,
346 1897 425 1950 tum
452 1895 488 1950 et
512 1883 755 1953 recentiorum
778 1900 983 1956 contineret
996 1908 1107 1956 msxt

33 1985 36 2157 J
74 2032 112 2078 ne
130 2031 302 2116 insignes,
335 2005 441 2096 initio
462 2005 560 2078 facto
587 2033 607 2078 ιι
630 2003 764 2080 Publio
788 2007 900 2106 Syro,
938 2009 1107 2092 cuiusli

34 2137 113 2204 ιιι
136 2133 348 2208 innumerae
375 2133 452 2206 fere
481 2130 661 2250 editiones
687 2155 849 2229 exstent,
889 2163 974 2234 cum
995 2162 1109 2234 ¹-sepa
1203 2133 1225 2170 ”

78 2281 163 2354 ratae,
186 2281 280 2336 tum
308 2261 478 2338 Phaedro
514 2245 677 2355 iunctae,
717 2263 816 2339 nulla
842 2284 963 2338 tamen
988 2263 1111 2336 hante·
1202 2249 1212 2338 ·'.
1268 2329 1275 2336 .

77 2415 122 2462 nus
143 2389 259 2468 nihi
248 2396 435 2485 rnnotuit,
470 2416 566 2490 quae
589 2397 797 2507 necessariis
819 2391 955 2464 misens
990 2417 1110 2488 seque
1225 2425 1229 2432 ·

79 2543 106 2590 ιι
128 2505 434 2632 interpretationis
460 2517 668 2594 subsidiis
657 2492 849 2632 instructa,
883 2519 986 2592 iustis
1010 2525 1110 2592 sctis·
1145 2515 1149 2524 ’

77 2645 179 2720 iaceret
219 2645 455 2734 eruditorum
485 2645 688 2720 desideriis.
764 2617 923 2721 Cunctae
969 2646 1113 2726 scilicet
1211 2633 1227 2754 ἶ,

80 2782 192 2874 cumin
216 2785 483 2870 sententiarum
505 2776 765 2874 numeromire
784 2773 1007 2872 discr,epunt
1031 2794 1113 2850 tum
1217 2823 1221 2836 ·

80 2923 215 2979 notarum
246 2907 341 2984 aliae
373 2904 539 2998 defectu,
585 2903 694 2998 aliae,
743 2922 785 2976 ut
817 2902 1036 2978 Gruteriann
1064 2893 1135 2977 nit¹
1218 2957 1222 2966 ·

80 3024 301 3134 Havercnmpo
325 3053 471 3132 ¹currito,
490 3031 706 3120 earundem
734 3057 791 3106 res
823 3029 1032 3128 saepissime
1047 3032 1114 3114 ,le

82 3165 164 3236 tiaris
180 3167 358 3262 momenti
379 3163 459 3238 fuse
482 3161 759 3260 explicandum,
800 3163 963 3258 graviora
985 3179 1114 3234 coutrn

84 3307 109 3357 et
123 3289 313 3368 difficiliora
339 3291 483 3367 silentio
509 3289 834 3390 praetereuntium,
872 3293 983 3364 nimiu
1014 3289 1114 3365 mole

82 3412 232 3515 laborant3
264 3417 357 3498 adeo
378 3439 438 3513 ut,
459 3421 547 3495 licet
565 3418 825 3493 sententiarum
845 3443 931 3504 cum
947 3416 1117 3514 pondere
1157 3439 1160 3446 ·

85 3559 138 3616 itu
168 3550 317 3638 veritate
350 3555 446 3646 inter
464 3545 649 3647 ,antispuos
694 3545 1003 3643 Gnomographos
1040 3549 1115 3644 pri·

86 3697 160 3748 uum
170 3679 293 3772 locum
300 3696 488 3769 gmereatur
502 3697 538 3750 et
551 3673 599 3748 nd
616 3673 927 3779 aureaantinae
949 3671 1113 3772 Linguae
1225 3697 1227 3704 ·

85 3821 203 3892 aetatem
226 3829 408 3906 assurgat,
438 3812 534 3880 inter
558 3830 685 3878 omnes
711 3801 905 3899 scriptores
929 3803 1113 3874 Romanos

85 3921 203 4008 Publius
239 3938 353 4038 Syrus
388 3935 465 4008 fere
500 3940 531 4008 is
560 3905 628 4027 sit,
671 3955 800 4030 quem,
846 3931 1047 4010 Gruterum
1083 3934 1114 4005 si

89 4066 263 4162 exceperis,
301 4063 544 4140 recentiorum
583 4081 792 4158 temporum
827 4057 954 4130 Critici
986 4079 1115 4148 purum

88 4182 207 4286 dignum
238 4194 411 4286 habuisse
436 4191 500 4268 risi
525 4202 628 4284 sunt',
666 4187 728 4262 cui
752 4209 877 4259 curem
902 4197 1005 4266 suam
1034 4179 1150 4254 dili·

88 4321 284 4442 sentiantque
335 4322 573 4421 insigniorem
613 4313 884 4445 impenderent.
968 4307 1113 4384 Primus

734 4458 785 4502 an
