2656 4890
303 283 305 294 A
408 175 476 276 ιιι
497 227 522 280 ι
541 227 565 280 a
585 189 607 278 r
628 226 653 278 ι
676 229 700 278 ι
721 229 736 278 ι
757 231 793 280 οι
1076 168 1132 294 ia

85 413 207 486 acutas,
249 417 348 492 quas
372 391 552 518 'singulos
588 393 664 470 suis
697 393 791 472 lucin
813 394 1126 504 adnotationibus

82 529 215 600 nostris
211 519 468 607 winseruimns
529 523 721 606 Publinnis
750 525 946 602 Sententiis
977 493 1126 602 addidn

81 650 209 728 nnsl]
234 649 389 726 Laberii
410 626 632 752 Prologum
629 673 675 728 ct
687 653 915 774 Fragmenta
940 655 1126 758 quaedam

79 779 211 860 moralia
245 805 298 852 ex
326 780 388 856 W
413 779 455 854 C
480 783 522 854 b.
549 779 712 884 Zieglcri
738 784 1049 860 commentatione
1075 767 1124 860 ‹le
1215 774 1217 782 ¹

46 942 47 960 ι
78 908 180 984 Minis
211 903 473 1018 Romanorum
512 905 728 996 doctissima
766 931 954 1012 excerpts,
995 913 1052 988 nsi
1082 911 1123 992 iu
1176 938 1178 946 ’

80 1037 113 1114 iis
130 1036 361 1136 corrigendis
383 1051 421 1110 et
442 1035 665 1146 illustrandis
688 1065 776 1119 cnm
797 1040 1018 1130 editionibus
1042 1047 1125 1141 qni-⁴

77 1163 211 1240 busdam
244 1163 456 1259 Macrobii,
496 1163 562 1268 qui
587 1189 684 1242 unns
705 1169 908 1268 Prologum
933 1170 1032 1244 bunc
1055 1197 1123 1244 nos

78 1294 121 1370 bis
151 1294 332 1386 seruerit,
379 1290 670 1394 antiquioribus,
715 1324 807 1400 quas
842 1293 1124 1400 diligentissime

80 1421 215 1497 contulit
240 1423 423 1520 patruelis
442 1417 579 1504 ,noster
601 1445 713 1522 supro
733 1423 919 1520 laudatus,
954 1433 1032 1499 t'nm‘
1052 1427 1125 1498 ιιο·
1149 1469 1154 1474 -

78 1555 306 1648 borbonum
342 1551 538 1634 doctorum
567 1555 608 1626 in
637 1555 736 1626 Petri
759 1551 958 1628 Burmanni
979 1551 1125 1626 Anthoa

78 1678 156 1776 logia
168 1680 394 1755 Latinorum
414 1678 730 1782 Epigrammatnm
745 1702 783 1758 et
796 1684 1017 1760 Poematum
1032 1704 1123 1754 con·
1216 1747 1222 1760 f

80 1807 185 1902 tentis,
217 1807 341 1907 ipsius
364 1807 527 1911 denique
552 1809 712 1912 Ziegleri
732 1807 1126 1886 animadversionibus*

79 1937 211 2036 bcqui
200 1943 380 2014 iussimus
402 1939 614 2014 Sententiae
644 1965 691 2014 ex
714 1940 828 2014 variis
852 1943 973 2042 poetis
996 1937 1124 2026 latinis

80 2063 228 2142 collectas
254 2091 326 2166 per
349 2050 554 2166 Georgium
568 2053 776 2140 Fabricium
798 2042 1124 2182 Chemnicensem,

81 2219 145 2266 cum
176 2194 346 2270 eiusdem
374 2192 547 2290 scholiis,
594 2189 797 2294 descriptas
833 2217 853 2268 e
883 2171 1014 2268 Publii
1039 2189 1124 2292 Syri

81 2319 218 2396 editione
239 2323 542 2414 Ksemsieriaua,
570 2349 685 2422 porro
705 2321 914 2398 Sententiae
937 2319 1125 2398 Ioacbirnl

81 2451 260 2526 camerarii
276 2467 474 2526 contentas
487 2455 528 2526 in
543 2449 771 2530 collectione
789 2453 1006 2528 Garminurn
1019 2419 1125 2522 Etlii·

80 2598 185 2648 cornm
212 2576 442 2654 nitidissime
474 2601 609 2654 excusa
638 2583 788 2658 Parisiis
820 2577 1121 2682 1795.typisn

83 2702 117 2778 Α.
134 2705 354 2800 liennuard,
399 2706 483 2782 Iani
513 2712 622 2780 etiarn
643 2707 838 2806 Anysiifl
826 2711 945 2812 ignoti
971 2703 1124 2810 quidem

81 2829 242 2930 hominis,
269 2835 339 2920 sed
353 2835 517 2938 egregias
539 2861 631 2912 sane
651 2857 688 2910 et
711 2863 801 2913 vere
823 2864 950 2934 aureas
965 2838 1125 2946 Senten-

80 2967 134 3037 tias
158 2965 318 3042 adiectas
348 2964 505 3042 editioni
533 2965 713 3062 Dionysii
745 2965 897 3041 Catonis
931 2983 969 3038 et
995 2935 1125 3058 Publii

80 3091 146 3190 Syri
179 3094 410 3184 rarissimae,
456 3091 589 3194 Tiguri
627 3094 729 3174 circa
763 3097 870 3194 ¹5²9·
899 3093 1030 3202 (narn
1033 3087 1125 3184 anni

81 3221 242 3302 indicium
267 3251 348 3299 non
371 3234 507 3328 exstat)
535 3225 636 3324 apud
657 3223 948 3300 Froschovernm
971 3219 1126 3320 impres-

81 3379 144 3446 sae,
182 3381 256 3432 nee
289 3379 369 3428 non
403 3351 556 3452 losephi
583 3351 762 3453 Scaligeri
792 3347 944 3424 lambos
968 3345 1126 3422 Gnomi·

83 3507 147 3577 cos,
190 3510 238 3560 ex
271 3481 439 3570 eiusdem
469 3453 696 3558 Poematurn
723 3474 949 3554 collectio'ne
972 3453 1126 3580 'publici

82 3609 154 3686 iuris
179 3612 279 3696 facta
300 3637 320 3682 a
345 3613 459 3686 Petro
483 3611 689 3704 Scriverio,
723 3604 873 3683 tandem
892 3611 946 3682 Μ’.
971 3606 1019 3680 A.
1040 3605 1126 3679 Mu·

82 3738 424 3833 tatilnstitutionem
450 3740 633 3840 puerilem
658 3765 704 3813 ex
730 3735 898 3836 Operum
924 3735 1021 3809 illius
1050 3732 1127 3808 edi·

84 3868 166 3945 tione
197 3867 402 3947 novissima
437 3887 476 3942 et
511 3867 808 3946 emendatissima
840 3861 1125 3951 Ruhnkeniana,

86 3993 284 4077 ldiecunus
317 3997 481 4102 denique
506 3996 649 4072 indices
676 3994 771 4070 duos
796 3989 1125 4094 locupletissimos,

83 4127 224 4214 primunr
256 4133 540 4226 grammaticum
573 4127 611 4199 in
635 4125 813 4202 Publium
837 4125 970 4222 Syrum
995 4139 1035 4195 et
1058 4125 1147 4210 La·¹

86 4241 223 4350 bertum,
248 4255 405 4334 alterurn
430 4259 675 4344 moral-sntio
702 4267 835 4334 ornnes
857 4254 1129 4342 Sententinrnm

1277 4129 1279 4172 l

1276 4243 1278 4277 ι

1274 4311 1277 4400 l

1273 4433 1276 4550 l
